% Encoding: UTF-8

@Online{MIUR2005,
  author    = {MIUR},
  title     = {Lettera circolare n. 83 Prot. n. 10215},
  year      = {2005},
  date      = {2005-09-07},
  url       = {https://archivio.pubblica.istruzione.it/normativa/2005/lc83_05.shtml},
  subtitle  = {Oggetto: a.s. 2005/2006 - Monitoraggio piani dell'offerta formativa delle istituzioni scolastiche - Questionario on-line per l'innovazione a sostegno dei processi di personalizzazione nei piani dell'offerta formativa},
  language  = {Italian},
  urldate   = {2019-10-23},
  owner     = {claduc},
  timestamp = {2019-10-23},
}

@Online{MIUR2005a,
  author     = {MIUR},
  title      = {Nota Prot. n. 10345},
  year       = {2005},
  date       = {2005-11-11},
  url        = {https://archivio.pubblica.istruzione.it/normativa/2005/prot10345_05.shtml},
  titleaddon = {Ministero dell'istruzione, dell'università e della ricerca Dipartimento per l'istruzione Direzione Generale per gli ordinamenti scolastici Ufficio VI },
  urldate    = {2019-10-24},
  owner      = {claduc},
  timestamp  = {2019-10-24},
}

@Online{MIUR2006,
  author     = {MIUR},
  title      = {Nota Prot. n. 791},
  year       = {2006},
  date       = {2001-01-31},
  url        = {https://archivio.pubblica.istruzione.it/normativa/2006/prot791_06.shtml},
  titleaddon = {Dipartimento per l'istruzione Direzione generale per gli ordinamenti scolastici Ufficio VI Oggetto: a.s. 2005/2006 - Monitoraggio piani dell'offerta formativa delle istituzioni scolastiche},
  urldate    = {2019-10-24},
  owner      = {claduc},
  timestamp  = {2019-10-24},
}

@Online{MIUR2006a,
  author     = {MIUR},
  title      = {Nota n. Prot. n. 3888},
  year       = {2006},
  date       = {2006-04-26},
  url        = {https://archivio.pubblica.istruzione.it/normativa/2006/prot3888_06.shtml},
  titleaddon = {Monitoraggio piani dell'offerta formativa delle istituzioni scolastiche - a.s. 2005/2006 - Supporto alle scuole per la partecipazione all'indagine nazionale - Precisazione},
  urldate    = {2019-10-24},
  owner      = {claduc},
  timestamp  = {2019-10-24},
}

@Online{MIUR2019,
  author   = {MIUR},
  title    = {LINEE GUIDA (ai sensi dell’articolo 1, comma 785, legge 30 dicembre 2018, n. 145)},
  year     = {2019},
  date     = {2019-09-04},
  url      = {https://www.miur.gov.it/documents/20182/1306025/Linee+guida+PCTO+con+allegati.pdf/3e6b5514-c5e4-71de-8103-30250f17134a?version=1.0&t=1570548388496},
  subtitle = {PERCORSI PER LE COMPETENZE TRASVERSALI E PER L’ORIENTAMENTO},
  urldate  = {2019-11-17},
}

@Online{MIUR2018,
  author = {MIUR},
  title  = {LINEE GUIDA PER LA CERTIFICAZIONE DELLE COMPETENZE NEL PRIMO CICLO DI ISTRUZIONE},
  year   = {2018},
  date   = {2018-01-09},
  url    = {https://www.miur.gov.it/-/linee-guida-certificazione-delle-competenze},
}

@Comment{jabref-meta: databaseType:biblatex;}
